<record><leader>00000cas a22000007a 4500</leader><controlfield tag="001">9404388</controlfield><controlfield tag="008">830413d18651875mauwr ne      0    0eng d</controlfield><datafield ind1=" " ind2=" " tag="010"><subfield code="a">sn 83020555 </subfield></datafield><datafield ind1=" " ind2=" " tag="040"><subfield code="a">NPX</subfield><subfield code="b">eng</subfield><subfield code="c">NPX</subfield><subfield code="d">NPU</subfield><subfield code="d">MGN</subfield><subfield code="d">OCLCQ</subfield></datafield><datafield ind1=" " ind2=" " tag="042"><subfield code="a">msc</subfield></datafield><datafield ind1=" " ind2=" " tag="043"><subfield code="a">n-us-ma</subfield></datafield><datafield ind1="0" ind2="4" tag="245"><subfield code="a">The Marlboro' mirror.</subfield></datafield><datafield ind1=" " ind2=" " tag="260"><subfield code="a">Marlboro', Mass. :</subfield><subfield code="b">W. Wood</subfield></datafield><datafield ind1=" " ind2=" " tag="300"><subfield code="a">v. ;</subfield><subfield code="c">57-66 cm.</subfield></datafield><datafield ind1=" " ind2=" " tag="310"><subfield code="a">Weekly</subfield></datafield><datafield ind1="1" ind2=" " tag="362"><subfield code="a">Began in 1865; ceased in 1875. Cf. Bigelow, E.A. Historical reminiscences of ... Marlborough, Mass.</subfield></datafield><datafield ind1=" " ind2=" " tag="500"><subfield code="a">Publishers: Wood, Stearns &amp; Co., 1869-1871; Pratt Brothers, 1871-1875.</subfield></datafield><datafield ind1=" " ind2=" " tag="500"><subfield code="a">Editors: W. Wood, 1865-&lt;1869&gt;; W. Start, &lt;1869&gt;; Wood, Stearns &amp; Wright, &lt;1869-1871&gt;; S. &amp; T. Pratt, &lt;1871-1873&gt;; S. Pratt, &lt;1873-1875&gt;.</subfield></datafield><datafield ind1=" " ind2=" " tag="588"><subfield code="a">Description based on: Vol. 1, no. 3 (Oct. 28, 1865).</subfield></datafield><datafield ind1="1" ind2=" " tag="700"><subfield code="a">Wood, William W.</subfield></datafield><datafield ind1="1" ind2=" " tag="700"><subfield code="a">Start, W. A.</subfield></datafield><datafield ind1="1" ind2=" " tag="700"><subfield code="a">Stearns, George.</subfield></datafield><datafield ind1="1" ind2=" " tag="700"><subfield code="a">Wright, A. A.</subfield></datafield><datafield ind1="1" ind2=" " tag="700"><subfield code="a">Pratt, Stillman B.</subfield></datafield><datafield ind1="1" ind2=" " tag="700"><subfield code="a">Pratt, Thomas S.</subfield></datafield><datafield ind1=" " ind2=" " tag="752"><subfield code="a">United States</subfield><subfield code="b">Massachusetts</subfield><subfield code="c">Middlesex</subfield><subfield code="d">Marlborough.</subfield></datafield><datafield ind1="0" ind2="7" tag="785"><subfield code="t">Marlboro journal (Marlborough, Mass. : 1873)</subfield><subfield code="w">(DLC)sn 83020556</subfield></datafield><datafield ind1="0" ind2="7" tag="785"><subfield code="t">Marlboro mirror-journal</subfield><subfield code="w">(DLC)sn 83020557</subfield></datafield><datafield ind1=" " ind2=" " tag="936"><subfield code="a">1872 Feb. 24</subfield></datafield><datafield ind1="1" ind2=" " tag="029"><subfield code="a">AU@</subfield><subfield code="b">000025793164</subfield></datafield></record>